<record><leader>00000cas a22000007a 4500</leader><controlfield tag="001">9316099</controlfield><controlfield tag="008">830316d18411842mauwr ne      0    0eng d</controlfield><datafield ind1=" " ind2=" " tag="010"><subfield code="a">sn 83020319 </subfield></datafield><datafield ind1=" " ind2=" " tag="040"><subfield code="a">NPX</subfield><subfield code="b">eng</subfield><subfield code="c">NPX</subfield><subfield code="d">DLC</subfield><subfield code="d">OCLCQ</subfield></datafield><datafield ind1=" " ind2=" " tag="042"><subfield code="a">msc</subfield></datafield><datafield ind1=" " ind2=" " tag="043"><subfield code="a">n-us-ma</subfield></datafield><datafield ind1="0" ind2=" " tag="130"><subfield code="a">Dedham patriot (Dedham, Mass. : 1841)</subfield></datafield><datafield ind1="1" ind2="0" tag="245"><subfield code="a">Dedham patriot.</subfield></datafield><datafield ind1="3" ind2="0" tag="246"><subfield code="a">Farmers' and mechanics' advocate</subfield></datafield><datafield ind1=" " ind2=" " tag="260"><subfield code="a">Dedham [Mass.] :</subfield><subfield code="b">Warren B. Ewer</subfield></datafield><datafield ind1=" " ind2=" " tag="300"><subfield code="a">v. ;</subfield><subfield code="c">56 cm.</subfield></datafield><datafield ind1=" " ind2=" " tag="310"><subfield code="a">Weekly</subfield></datafield><datafield ind1="1" ind2=" " tag="362"><subfield code="a">Began in Aug. 1841; ceased in June 1842.</subfield><subfield code="z">Cf. Dedham Gazette (1850), Feb. 3, 1855.</subfield></datafield><datafield ind1=" " ind2=" " tag="500"><subfield code="a">Editor: Warren B. Ewer, 1841-1842.</subfield></datafield><datafield ind1=" " ind2=" " tag="588"><subfield code="a">Description based on: Aug. 7, 1841.</subfield></datafield><datafield ind1="1" ind2=" " tag="700"><subfield code="a">Ewer, Warren B.</subfield></datafield><datafield ind1=" " ind2=" " tag="752"><subfield code="a">United States</subfield><subfield code="b">Massachusetts</subfield><subfield code="c">Norfolk</subfield><subfield code="d">Dedham.</subfield></datafield><datafield ind1="0" ind2="0" tag="780"><subfield code="t">Patriot and Democrat (Roxbury, Mass.)</subfield><subfield code="w">(DLC)sn 83020318</subfield></datafield><datafield ind1="0" ind2="0" tag="785"><subfield code="t">Norfolk County American</subfield><subfield code="w">(DLC)sn 83020320</subfield></datafield><datafield ind1="1" ind2=" " tag="029"><subfield code="a">AU@</subfield><subfield code="b">000025790391</subfield></datafield></record>